@Article{Pfeiffer2008,
author={Pfeiffer, F.
and Bech, M.
and Bunk, O.
and Kraft, P.
and Eikenberry, E. F.
and Br{\"o}nnimann, Ch
and Gr{\"u}nzweig, C.
and David, C.},
title={Hard-X-ray dark-field imaging using a grating interferometer},
journal={Nature Materials},
year={2008},
month={Jan},
day={20},
publisher={Nature Publishing Group SN  -},
volume={7},
pages={134 EP  -},
url={http://dx.doi.org/10.1038/nmat2096}
}

@Article{Pfeiffer2006,
author={Pfeiffer, Franz
and Weitkamp, Timm
and Bunk, Oliver
and David, Christian},
title={Phase retrieval and differential phase-contrast imaging with low-brilliance X-ray sources},
journal={Nature Physics},
year={2006},
month={Mar},
day={26},
publisher={Nature Publishing Group SN  -},
volume={2},
pages={258 EP  -},
url={http://dx.doi.org/10.1038/nphys265}
}
